<record><leader>00000cas a22000007a 4500</leader><controlfield tag="001">12049731</controlfield><controlfield tag="008">850518c18999999ohuwr ne      0    0eng d</controlfield><datafield ind1=" " ind2=" " tag="010"><subfield code="a">sn 90068521 </subfield></datafield><datafield ind1=" " ind2=" " tag="040"><subfield code="a">OBE</subfield><subfield code="b">eng</subfield><subfield code="c">OBE</subfield><subfield code="d">ONP</subfield><subfield code="d">OCL</subfield><subfield code="d">OCLCQ</subfield><subfield code="d">GUA</subfield><subfield code="d">KRTAS</subfield><subfield code="d">OCLCQ</subfield><subfield code="d">OCLCF</subfield><subfield code="d">OCLCO</subfield><subfield code="d">AGL</subfield><subfield code="d">OCLCO</subfield></datafield><datafield ind1=" " ind2=" " tag="043"><subfield code="a">n-us-oh</subfield></datafield><datafield ind1=" " ind2="4" tag="050"><subfield code="a">S1</subfield><subfield code="b">.O5</subfield></datafield><datafield ind1="0" ind2=" " tag="070"><subfield code="a">6</subfield><subfield code="b">OH3</subfield></datafield><datafield ind1=" " ind2=" " tag="092"><subfield code="a">630.5</subfield><subfield code="b">Oh3F</subfield></datafield><datafield ind1="0" ind2=" " tag="130"><subfield code="a">Ohio farmer (Cleveland, Ohio : 1899)</subfield></datafield><datafield ind1="1" ind2="0" tag="245"><subfield code="a">Ohio farmer.</subfield></datafield><datafield ind1=" " ind2=" " tag="260"><subfield code="a">Cleveland, Ohio :</subfield><subfield code="b">Lawrence Pub. Co.,</subfield><subfield code="c">1899-</subfield></datafield><datafield ind1=" " ind2=" " tag="300"><subfield code="a">v. :</subfield><subfield code="b">ill.</subfield></datafield><datafield ind1=" " ind2=" " tag="310"><subfield code="a">Weekly</subfield></datafield><datafield ind1="0" ind2=" " tag="362"><subfield code="a">Vol. 95, no. 1 (Jan. 5, 1899)- = whole no. 2186-</subfield></datafield><datafield ind1=" " ind2="0" tag="650"><subfield code="a">Agriculture</subfield><subfield code="z">Ohio</subfield><subfield code="v">Newspapers.</subfield></datafield><datafield ind1=" " ind2="7" tag="650"><subfield code="a">Agriculture.</subfield><subfield code="2">fast</subfield><subfield code="0">(OCoLC)fst00801355</subfield></datafield><datafield ind1=" " ind2="7" tag="651"><subfield code="a">Ohio.</subfield><subfield code="2">fast</subfield><subfield code="0">(OCoLC)fst01205075</subfield></datafield><datafield ind1=" " ind2="7" tag="655"><subfield code="a">Newspapers.</subfield><subfield code="2">fast</subfield><subfield code="0">(OCoLC)fst01423814</subfield></datafield><datafield ind1=" " ind2=" " tag="752"><subfield code="a">United States</subfield><subfield code="b">Ohio</subfield><subfield code="c">Cuyahoga</subfield><subfield code="d">Cleveland.</subfield></datafield><datafield ind1="0" ind2="8" tag="776"><subfield code="i">Online version :</subfield><subfield code="t">Ohio farmer (Cleveland, Ohio : 1899 : Online)</subfield><subfield code="w">(DLC)  2008266645</subfield><subfield code="w">(OCoLC)69666172</subfield></datafield><datafield ind1="0" ind2="0" tag="780"><subfield code="t">Ohio practical farmer</subfield><subfield code="w">(OCoLC)2265424</subfield></datafield><datafield ind1="0" ind2="5" tag="780"><subfield code="t">Ohio stockman and farmer</subfield><subfield code="g">Sept. 1928</subfield></datafield><datafield ind1="4" ind2="1" tag="856"><subfield code="u">http://proquest.umi.com/pqdweb</subfield></datafield><datafield ind1=" " ind2=" " tag="938"><subfield code="a">Kirtas Technologies, Inc.</subfield><subfield code="b">KRTS</subfield><subfield code="n">845795</subfield></datafield></record>